@online{bates1990aids,
  author    = {Jim Bates},
  title     = {AIDS Information Version 2.0},
  journal   = {Virus Bulletin},
  year      = {1990},
  month     = {1},
  url       = {https://zdb-katalog.de/title.xhtml?idn=018200605&view=brief},
  urldate   = {2024-03-11}
}

@online{meskauskas2023pgp,
  author    = {Tomas Meskauskas},
  title     = {PGP ransomware},
  year      = {2023},
  month     = {2},
  day       = {1},
  url       = {https://www.pcrisk.com/removal-guides/18031-pgp-ransomware},
  urldate   = {2024-03-11}
}

@online{acosta2023ciberdelitos,
  author    = {T. A. Acosta},
  title     = {España registró 374.737 ciberdelitos en 2022},
  year      = {2023},
  month     = {10},
  day       = {20},
  url       = {https://www.interior.gob.es/opencms/es/detalle/articulo/Espana-registro-374.737-ciberdelitos-en-2022/},
  urldate   = {2024-03-11}
}

@online{blanchar2023ciberataque,
  author    = {Clara Blanchar and Sergi Fontserè},
  title     = {El ciberataque que sufre el Hospital Clínic de Barcelona procede del extranjero y obliga a anular 3.000 visitas},
  journal   = {El País},
  year      = {2023},
  month     = {3},
  day       = {6},
  url       = {https://elpais.com/espana/catalunya/2023-03-06/el-ciberataque-que-sufre-el-hospital-clinic-de-barcelona-procede-del-extranjero.html},
  urldate   = {2024-03-11}
}

@online{cisa2021conti,
  author    = {{Cybersecurity and Infrastructure Security Agency CISA}},
  title     = {Conti Ransomware},
  year      = {2021},
  month     = {9},
  day       = {22},
  url       = {https://www.cisa.gov/news-events/alerts/2021/09/22/conti-ransomware},
  urldate   = {2024-03-11}
}

@online{crowdstrike2024raas,
  author    = {{CrowdStrike}},
  title     = {What is Ransomware as a Service (RaaS)?},
  year      = {2024},
  month     = {2},
  day       = {21},
  url       = {https://www.crowdstrike.com/cybersecurity-101/ransomware/ransomware-as-a-service-raas/},
  urldate   = {2024-03-11}
}

@online{ibm2023cost,
  author    = {{IBM}},
  title     = {Coste de la vulneración de datos 2023},
  year      = {2023},
  url       = {https://www.ibm.com/es-es/reports/data-breach},
  urldate   = {2024-03-11}
}

@online{enisa2022ransomware,
  author    = {{ENISA}},
  title     = {ENISA threat landscape for ransomware attacks},
  year      = {2022},
  month     = {7},
  day       = {29},
  url       = {https://www.enisa.europa.eu/publications/enisa-threat-landscape-for-ransomware-attacks},
  urldate   = {2024-03-11}
}

@online{incibe_nd_ayuda,
  author    = {{INCIBE}},
  title     = {Ayuda ransomware | Empresas},
  url       = {https://www.incibe.es/empresas/te-ayudamos/servicio-antiransomware},
  urldate   = {2024-03-11}
}

@online{incibe_nd_actuar,
  author    = {{INCIBE}},
  title     = {Cómo actuar en caso de un ataque de ransomware | Ciudadanía},
  url       = {https://www.incibe.es/ciudadania/ayuda/ransomware},
  urldate   = {2024-03-11}
}
@online{bacula2023current,
  title     = {The current state of Bacula},
  year      = {2023},
  url       = {https://www.bacula.org/5.0.x-manuals/en/main/main/Current_State_Bacula.html},
  urldate   = {2024-03-11},
  note      = {Accessed: 2024-03-11}
}
@online{naraine2013cryptolocker,
  author  = {Naraine, Ryan},
  title   = {Cryptolocker infections on the rise; US-CERT issues warning},
  year    = {2013},
  url     = {https://www.securityweek.com/cryptolocker-infections-rise-us-cert-issues-warning/},
  urldate = {2013-11-19},
  journal = {SecurityWeek},
  note    = {Accessed: 2013-11-19}
}
@misc{knowbe4gpcode,
  author = {{KnowBe}},
  title  = {GPCode.AK ransomware | KnowBe4},
  year   = {n.d.},
  howpublished = {\url{https://www.knowbe4.com/gpcodeak-ransomware}},
  note   = {Accessed: [fecha de acceso aquí]}
}
@article{beaman2021ransomware,
  author    = {Beaman, C. and Barkworth, A. and Akande, T. D. and Hakak, S. and Khan, M. K.},
  title     = {Ransomware: Recent advances, analysis, challenges and future research directions},
  journal   = {Computers \& Security},
  year      = {2021},
  volume    = {111},
  pages     = {102490},
  doi       = {10.1016/j.cose.2021.102490},
  url       = {https://doi.org/10.1016/j.cose.2021.102490}
}
@misc{unit42rasomware,
  author    = {Ciaran Martin},
  title     = {INCIDENT RESPONSE REPORT},
  journal   = {Paloalto Networks},
  year      = {2022},
  pages     = {52},
  url       = {https://www.paloaltonetworks.com/cyberpedia/ransomware-common-attack-methods}
}
@misc{incibe2023vectores,
  title        = {Los 10 vectores de ataque m{\'a}s utilizados por los ciberdelincuentes},
  author       = {{Empresas | INCIBE}},
  year         = {n.d.},
  howpublished = {\url{https://www.incibe.es/empresas/blog/los-10-vectores-ataque-mas-utilizados-los-ciberdelincuentes}},
  note         = {Accedido: fecha de acceso}
}
@misc{antiy2023lockbit,
    author = {{AntiY Labs}},
    title = {Analysis of LockBit ransomware samples and considerations for defense against targeted ransomware},
    howpublished = {\url{https://www.antiy.net/p/analysis-of-lockbit-ransomware-samples-and-considerations-for-defense-against-targeted-ransomware/}},
    note = {the next generation Anti-Virus engine innovator},
    year = {n.d.}
}
@misc{pastorino,
  author = {Pastorino, C.},
  title = {Conocimientos generales: ¿Cómo entender el funcionamiento de los atacantes para evadir las soluciones de seguridad como un antivirus?},
  howpublished = {\url{https://www.uv.mx/infosegura/general/conocimientos_antivirus-3}},
  note = {Seguridad de la información},
  year = {n.d.}
}

@phdthesis{pedro2022cripto,
  author = {Pedro, G. T. and De Granada Programa De Doctorado En Tecnologías De La Información Y La Comunicación, U.},
  title = {Cripto-ransomware: Análisis y detección temprana basada en el uso de archivos trampa},
  school = {Universidad De Granada},
  year = {2022},
  url = {https://digibug.ugr.es/handle/10481/76803?show=full}
}

@online{fhabte2023ransomware,
  author = {Fhabte},
  title = {Ransomware detection Techniques},
  year = {2023},
  month = {May},
  day = {24},
  publisher = {Check Point Software},
  url = {https://www.checkpoint.com/es/cyber-hub/threat-prevention/ransomware/ransomware-detection-techniques/}
}
@misc{gdpr,
  title = {Reglamento (UE) 2016/679 del Parlamento Europeo y del Consejo, de 27 de abril de 2016, relativo a la protección de las personas físicas en lo que respecta al tratamiento de datos personales y a la libre circulación de estos datos (Reglamento General de Protección de Datos)},
  year = {2016},
  howpublished = {Diario Oficial de la Unión Europea}
}

@legislation{lopdgdd,
  title = {Ley Orgánica 3/2018, de 5 de diciembre, de Protección de Datos Personales y garantía de los derechos digitales},
  year = {2018},
  publisher = {BOE},
  location = {España}
}
@online{Herrero2024,
    author = {Herrero, A. A.},
    title = {El phishing constituye cerca del 30\% del total de amenazas detectadas},
    year = {2024},
    url = {https://www.silicon.es/el-phishing-constituye-cerca-del-30-del-total-de-amenazas-detectadas-2493907},
    urldate = {2024-01-30}
}

@online{Bhushan2024,
    author = {Bhushan, B.},
    title = {Ransomware Families and Attacks: Comprehensive guide},
    year = {2024},
    url = {https://www.stellarinfo.com/article/ransomware-families-part1.php},
    urldate = {2024-02-05}
}

@online{WeLiveSecurity2013,
    author = {{WeLiveSecurity}},
    title = {Filecoder: dinero a cambio de información secuestrada},
    year = {2013},
    url = {https://www.welivesecurity.com/la-es/2013/09/24/filecoder-dinero-cambio-informacion-secuestrada/},
    urldate = {2013-09-24}
}

@online{Proofpoint2023,
    title = {Ransomware CryptoWall – Qué es y cómo funciona},
    year = {2023},
    url = {https://www.proofpoint.com/es/threat-reference/cryptowall-ransomware},
    urldate = {2023-12-23}
}

@online{Infordisa2021,
    author = {{Infordisa / Security Operations Center}},
    title = {El CCN-CERT analiza el ransomware EKing},
    year = {2021},
    url = {https://www.infordisa.com/soc/el-ccn-cert-analiza-el-ransomware-eking/},
    urldate = {2021-10-25}
}

@online{CyberzaintzaND,
    title = {Mallox ransomware},
    url = {https://www.ciberseguridad.eus/empresa-segura/utilidades-empresa/guias-estudios-informes/mallox-ransomware}
}

@online{JDRRCiberseguridad2022,
    author = {{Ciberseguridad, J. D. R. R. and Ciberseguridad, R.}},
    title = {BlackCat: una familia de ransomware en aumento},
    year = {2022},
    url = {https://www.revistaciberseguridad.com/2022/12/blackcat-una-familia-de-ransomware-en-aumento/},
    urldate = {2022-12-08}
}

@online{Jaramillo2023,
    author = {Jaramillo, P.},
    title = {Akira Ransomware is “bringin’ 1988 back”},
    year = {2023},
    url = {https://news.sophos.com/en-us/2023/05/09/akira-ransomware-is-bringin-88-back/},
    urldate = {2023-05-10}
}
@online{SplunkRansomwareSpeed,
  author = "{Splunk}",
  title = "Gone in 52 Seconds and 42 Minutes: A Comparative Analysis of Ransomware Encryption Speed",
  year = "n.d.",
  url = "https://www.splunk.com/en_us/blog/security/gone-in-52-seconds-and-42-minutes-a-comparative-analysis-of-ransomware-encryption-speed.html",
  note = "[Video]",
  urldate = "2024-04-09"
}
